@STRING{ann = {Annual}}
@STRING{approx = {International Workshop on Approximation Algorithms for Combinatorial
	Optimization Problems}}
@STRING{proc = {Proceedings of the}}
@STRING{approx04 = proc # { 7th } # ann # { } # approx}
@STRING{approx09 = proc # { 12th } # ann # { } # approx}
@STRING{ccc = {IEEE Conference on Computational Complexity}}
@STRING{ccc06 = proc # { 21st } # ann # { } # ccc}
@STRING{ccc07 = proc # { 22nd } # ann # { } # ccc}
@STRING{ccc09 = proc # { 24th } # ann # { } # ccc}
@STRING{ccc10 = proc # { 25th } # ann # { } # ccc}
@STRING{ccc11 = proc # { 26th } # ann # { } # ccc}
@STRING{colt = {Conference on Learning Theory}}
@STRING{colt08 = proc # { 21st } # ann # { } # colt}
@STRING{colt09 = proc # { 22nd } # ann # { } # colt}
@STRING{eccc = {Electronic Colloquium on Computational Complexity}}
@STRING{focs = {IEEE Symposium on Foundations of Computer Science}}
@STRING{focs03 = proc # { 44th } # ann # { } # focs}
@STRING{focs05 = proc # { 46th } # ann # { } # focs}
@STRING{focs06 = proc # { 47th } # ann # { } # focs}
@STRING{focs07 = proc # { 48th } # ann # { } # focs}
@STRING{focs08 = proc # { 49th } # ann # { } # focs}
@STRING{focs09 = proc # { 50th } # ann # { } # focs}
@STRING{focs10 = proc # { 51st } # ann # { } # focs}
@STRING{focs11 = proc # { 52nd } # ann # { } # focs}
@STRING{focs85 = proc # { 26th } # ann # { } # focs}
@STRING{focs88 = proc # { 29th } # ann # { } # focs}
@STRING{focs89 = proc # { 30th } # ann # { } # focs}
@STRING{icalp = {International Colloquium on Automata, Languages and Programming}}
@STRING{icalp07 = proc # { 35th } # ann # { } # icalp}
@STRING{icalp09 = proc # { 36th } # ann # { } # icalp}
@STRING{icalp10 = proc # { 37th } # ann # { } # icalp}
@STRING{ics = {Symposium on Innovations in Computer Science}}
@STRING{ics11 = proc # { 2nd } # ann # { } # ics}
@STRING{ipco = {Conference on Integer Programming and Combinatorial Optimization}}
@STRING{ipco02 = proc # { 6th } # ann # { } # ipco}
@STRING{isaac = {International Symposium on Algorithms and Computation}}
@STRING{isaac09 = proc # { 20th } # ann # { } # isaac}
@STRING{latin = {Latin American Informatics Symposium}}
@STRING{latin04 = proc # { 6th } # ann # { } # latin}
@STRING{LCS = {Lecture Notes in Computer Science}}
@STRING{lics = {IEEE Symposium on Logic in Computer Science}}
@STRING{lics10 = proc # { 25th } # ann # { } # lics}
@STRING{random = {International Workshop on Randomized Techniques in Computation}}
@STRING{random01 = proc # { 5th } # ann # { } # random}
@STRING{random08 = proc # { 12th } # ann # { } # random}
@STRING{random09 = proc # { 13th } # ann # { } # random}
@STRING{random10 = proc # { 14th } # ann # { } # random}
@STRING{soda = {ACM-SIAM Symposium on Discrete Algorithms}}
@STRING{soda09 = proc # { 20th } # ann # { } # soda}
@STRING{soda11 = proc # { 22nd } # ann # { } # soda}
@STRING{soda98 = proc # { 9th } # ann # { } # soda}
@STRING{stacs = {Symposium on Theoretical Aspects of Computer Science}}
@STRING{stacs00 = proc # { 17th } # ann # { } # stacs}
@STRING{stoc = {ACM Symposium on Theory of Computing}}
@STRING{stoc02 = proc # { 34th } # ann # { } # stoc}
@STRING{stoc06 = proc # { 38th } # ann # { } # stoc}
@STRING{stoc07 = proc # { 39th } # ann # { } # stoc}
@STRING{stoc08 = proc # { 40th } # ann # { } # stoc}
@STRING{stoc09 = proc # { 41st } # ann # { } # stoc}
@STRING{stoc10 = proc # { 42nd } # ann # { } # stoc}
@STRING{stoc11 = proc # { 43rd } # ann # { } # stoc}
@STRING{stoc78 = proc # { 10th } # ann # { } # stoc}
@STRING{stoc84 = proc # { 16th } # ann # { } # stoc}
@STRING{stoc87 = proc # { 19th } # ann # { } # stoc}
@STRING{stoc89 = proc # { 21st } # ann # { } # stoc}
@STRING{stoc90 = proc # { 22nd } # ann # { } # stoc}
@STRING{stoc93 = proc # { 25th } # ann # { } # stoc}
@STRING{stoc96 = proc # { 28th } # ann # { } # stoc}
@STRING{stoc97 = proc # { 29th } # ann # { } # stoc}
@STRING{stoc98 = proc # { 30th } # ann # { } # stoc}


@misc{cryptoeprint:2016:046,
    author = {Yehuda Lindell},
    title = {How To Simulate It - A Tutorial on the Simulation Proof Technique},
    howpublished = {Cryptology ePrint Archive, Report 2016/046},
    year = {2016},
    note = {\url{http://eprint.iacr.org/2016/046}},
}

@book{Goldreich:2006:FCV:1202577,
 author = {Goldreich, Oded},
 title = {Foundations of Cryptography: Volume 1},
 year = {2006},
 isbn = {0521035368},
 publisher = {Cambridge University Press},
 address = {New York, NY, USA},
}
